
@book{b1,
	location = {Place of publication not identified},
	title = {{IEEE} Std 2050-2018: {IEEE} Standard for a Real-Time Operating System ({RTOS}) for Small-Scale Embedded Systems.},
	isbn = {978-1-5044-4858-1},
	url = {https://ieeexplore.ieee.org/servlet/opac?punumber=8445672},
	shorttitle = {{IEEE} Std 2050-2018},
	abstract = {A real-time operating system ({RTOS}) called Î¼T-Kernel for small-scale embedded systems such as systems with a single chip microcomputer including 16-bit {CPUs}, systems with a small amount of {ROM}/{RAM}, and systems without a memory management unit ({MMU}) are specified in this standard.},
	publisher = {{IEEE}},
	author = {{IEEE}},
	urldate = {2022-04-27},
	date = {2018},
	note = {{OCLC}: 1053697231},
	annote = {Definition of Real time system
},
}

@article{b2,
	title = {Real-Time Systems Overview and Examples},
	url = {https://www.intel.com/content/www/us/en/robotics/real-time-systems.html},
	abstract = {Learn how real-time systems use scheduling algorithms to complete tasks within a defined time boundary or the system risks failure.},
	titleaddon = {Intel},
	type = {Article},
	author = {{Intel Corporation}},
	urldate = {2022-04-27},
	langid = {english},
	annote = {Benefits of Real-Time Systems for Applications
},
	file = {Snapshot:files/6/real-time-systems.html:text/html},
}

@article{b4,
	title = {Terminology and Notation Definitions related to a system},
	url = {https://cmte.ieee.org/tcrts/education/terminology-and-notation/},
	abstract = {Definitions related to a system},
	titleaddon = {{IEEE} committee},
	type = {Article},
	author = {{IEEE} and {IEEE} {TCRTS} and {IEEE} Computer society},
	urldate = {2022-04-27},
	annote = {Task definition, job definition, deadline definition and task characteristics.

},
	file = {Terminology and Notation |:files/8/terminology-and-notation.html:text/html},
}

@book{b5,
	location = {New York},
	edition = {3rd ed},
	title = {Hard real-time computing systems: predictable scheduling algorithms and applications},
	isbn = {978-1-4614-0675-4 978-1-4614-0676-1},
	series = {Real-time systems series},
	shorttitle = {Hard real-time computing systems},
	pagetotal = {521},
	publisher = {Springer},
	author = {Buttazzo, Giorgio C.},
	date = {2011},
	note = {{OCLC}: ocn741541202},
	keywords = {Real-time data processing},
	annote = {Task state definition, resource definition, scheduling algorithm classification, diagrams, equations and notation and problems due to resource access protocol implementation.
},
}

@book{b6,
	location = {Boston, {MA}},
	title = {Real-Time Design Patterns: robust scalable architecture for Real-time systems},
	isbn = {978-0-201-69956-2},
	series = {The Addison-Wesley object technology series},
	shorttitle = {Real-Time Design Patterns},
	pagetotal = {500},
	publisher = {Addison-Wesley},
	author = {Douglass, Bruce Powel},
	date = {2003},
	keywords = {Real-time data processing, Computer architecture, Software patterns},
	annote = {Protocol Implementation strategies.
},
}